<?xml version="1.0" encoding="UTF-8"?><record xmlns="http://www.loc.gov/MARC21/slim" xmlns:cinclude="http://apache.org/cocoon/include/1.0" xmlns:zs="http://www.loc.gov/zing/srw/">
  <leader>01074cz  a2200241n  4500</leader>
  <controlfield tag="001">nr 92002952 </controlfield>
  <controlfield tag="003">DLC</controlfield>
  <controlfield tag="005">20130319180859.0</controlfield>
  <controlfield tag="008">920123n| azannaabn          |b aaa      </controlfield>
  <datafield tag="010" ind1=" " ind2=" ">
    <subfield code="a">nr 92002952 </subfield>
  </datafield>
  <datafield tag="035" ind1=" " ind2=" ">
    <subfield code="a">(OCoLC)oca03106122</subfield>
  </datafield>
  <datafield tag="040" ind1=" " ind2=" ">
    <subfield code="a">DLC-R</subfield>
    <subfield code="b">eng</subfield>
    <subfield code="e">rda</subfield>
    <subfield code="c">DLC-R</subfield>
    <subfield code="d">OCoLC</subfield>
    <subfield code="d">DLC</subfield>
  </datafield>
  <datafield tag="100" ind1="0" ind2=" ">
    <subfield code="a">Avigdor Mordekhai ben Avraham ʻEzra</subfield>
  </datafield>
  <datafield tag="400" ind1="1" ind2=" ">
    <subfield code="a">Avraham ʻEzra, Avigdor Mordekhai ben</subfield>
  </datafield>
  <datafield tag="400" ind1="1" ind2=" ">
    <subfield code="a">ʻEzra, Avigdor Mordekhai ben Avraham</subfield>
  </datafield>
  <datafield tag="400" ind1="1" ind2=" ">
    <subfield code="a">Kats, Avigdor Mordekhai ben Avraham ʻEzra</subfield>
  </datafield>
  <datafield tag="400" ind1="0" ind2=" ">
    <subfield code="a">אביגדור מרדכי בן אברהם עזרא</subfield>
  </datafield>
  <datafield tag="400" ind1="0" ind2=" ">
    <subfield code="a">כ״ץ, אבגדור מרדכי בן אברהם עזרא</subfield>
  </datafield>
  <datafield tag="667" ind1=" " ind2=" ">
    <subfield code="a">Machine-derived non-Latin script reference project.</subfield>
  </datafield>
  <datafield tag="667" ind1=" " ind2=" ">
    <subfield code="a">Non-Latin script references not evaluated.</subfield>
  </datafield>
  <datafield tag="670" ind1=" " ind2=" ">
    <subfield code="a">His Sefer Ḳorban todah, 1865:</subfield>
    <subfield code="b">t.p. (Avigdor Mordekhai beha-Rav ... Avraham ʻEzra)</subfield>
  </datafield>
  <datafield tag="670" ind1=" " ind2=" ">
    <subfield code="a">His Ḳorban todah. Torat Avigdor, 1990 or 1991:</subfield>
    <subfield code="b">original t.p., 2nd work (Avigdor Mordekahi beha-Rav ... Avraham ʻEzra Kats; Ravvina M. Ostriny Avigdora [in Cyr.])</subfield>
  </datafield>
  <datafield tag="675" ind1=" " ind2=" ">
    <subfield code="a">Encyc. Judaica, c1971.</subfield>
  </datafield>
</record>